@misc{GitHub2016,
author = {Wendel, Tom},
title = {{GitHub - Demo Ameisen}},
url = {https://github.com/AntMeNet/AntMeClassic/blob/master/DemoAmeisen/},
urldate = {2017-03-23},
year = {2016},
keywords = {web}
}
@misc{AntMeWiki1,
author = {AntMe-Wiki},
title = {{AntMe! Wiki - Spezialisieren}},
url = {https://wiki.antme.net/de/Lektion7},
urldate = {2017-03-22},
year = {o.J.},
keywords = {web}
}
@misc{AntMeWiki2,
author = {AntMe-Wiki},
title = {{AntMe! Wiki - Status der Ameise}},
url = {https://wiki.antme.net/de/Datei:States.png},
urldate = {2017-03-20},
year = {o.J.},
keywords = {web}
}
@misc{AntMeWiki3,
author = {AntMe-Wiki},
title = {{AntMe! Wiki - Einstellungen}},
url = {https://wiki.antme.net/de/Einstellungen},
urldate = {2017-03-21},
year = {o.J.},
keywords = {web}
}
@misc{Wikipedia,
author = {Wikipedia},
title = {{Wikipedia - Programmierspiel}},
url = {https://de.wikipedia.org/wiki/Programmierspiel},
urldate = {2017-03-15},
year = {o.J.},
keywords = {web}
}